<record><leader>00000cas a22000007a 4500</leader><controlfield tag="001">14339216</controlfield><controlfield tag="008">861003d19541954wiuer ne      0    0eng d</controlfield><datafield ind1=" " ind2=" " tag="010"><subfield code="a">sn 86086680 </subfield></datafield><datafield ind1=" " ind2=" " tag="040"><subfield code="a">NPV</subfield><subfield code="b">eng</subfield><subfield code="c">NPV</subfield><subfield code="d">OCLCQ</subfield></datafield><datafield ind1=" " ind2=" " tag="042"><subfield code="a">msc</subfield></datafield><datafield ind1="0" ind2="0" tag="245"><subfield code="a">Mercer news.</subfield></datafield><datafield ind1="1" ind2="3" tag="246"><subfield code="a">Mercer township news</subfield><subfield code="f">&lt;Aug. 1954&gt;-Sept. 23, 1954</subfield></datafield><datafield ind1=" " ind2=" " tag="260"><subfield code="a">Mercer, Wis. :</subfield><subfield code="b">[s.n.],</subfield><subfield code="c">1954-</subfield></datafield><datafield ind1=" " ind2=" " tag="300"><subfield code="a">v.</subfield></datafield><datafield ind1=" " ind2=" " tag="310"><subfield code="a">Biweekly</subfield></datafield><datafield ind1="0" ind2=" " tag="362"><subfield code="a">[July, 1954]-</subfield></datafield><datafield ind1="1" ind2=" " tag="362"><subfield code="a">Ceased with Dec. 16, 1954 issue?</subfield></datafield><datafield ind1=" " ind2=" " tag="500"><subfield code="a">Title varies: Mercer township news, &lt;Aug. 12, 1954&gt;-Sept. 23, 1954.</subfield></datafield><datafield ind1=" " ind2=" " tag="752"><subfield code="a">United States</subfield><subfield code="b">Wisconsin</subfield><subfield code="c">Iron</subfield><subfield code="d">Mercer.</subfield></datafield></record>